<?xml version="1.0" encoding="UTF-8"?><collection xmlns="http://www.loc.gov/MARC21/slim"><record><leader>00422nam--2200133-i-4500</leader><controlfield tag="001">000039550</controlfield><controlfield tag="002">20161230</controlfield><controlfield tag="005">20161230201042</controlfield><controlfield tag="008">060222s1000------------r-----000-0-eng-d</controlfield><datafield ind1=" " ind2=" " tag="080"><subfield code="a">543.42</subfield></datafield><datafield ind1=" " ind2=" " tag="100"><subfield code="a">Rollwagen,Walter</subfield></datafield><datafield ind1=" " ind2=" " tag="245"><subfield code="a">Seith und ruthardt chemishe spektralanalyse eine anleitung zur erlerung und ausfuhrung von emissions-spektralanalysen.b</subfield></datafield><datafield ind1=" " ind2=" " tag="260"><subfield code="a">Berlin, Springer-verla, 1958. Viii + 162 P</subfield></datafield><datafield ind1=" " ind2=" " tag="852"><subfield code="a">76818</subfield></datafield></record></collection>